Encoding: UTF-8

@InProceedings{szegedy2014,
  author    = {Christian Szegedy and Wojciech Zaremba and Ilya Sutskever and Joan Bruna and Dumitru Erhan and Ian Goodfellow and Rob Fergus},
  title     = {Intriguing properties of neural networks},
  booktitle = {International Conference on Learning Representations},
  year      = {2014},
  url       = {http://arxiv.org/abs/1312.6199},
}

@InProceedings{goodfellow2015,
  author    = {Ian Goodfellow and Jonathon Shlens and Christian Szegedy},
  title     = {Explaining and Harnessing Adversarial Examples},
  booktitle = {International Conference on Learning Representations},
  year      = {2015},
  url       = {http://arxiv.org/abs/1412.6572},
}

@InProceedings{papernot2016distillation,
  author       = {Papernot, Nicolas and McDaniel, Patrick and Wu, Xi and Jha, Somesh and Swami, Ananthram},
  title        = {Distillation as a defense to adversarial perturbations against deep neural networks},
  booktitle    = {2016 IEEE Symposium on Security and Privacy (SP)},
  year         = {2016},
  organization = {IEEE},
  pages        = {582--597},
}

@InProceedings{sinha2018certifiable,
  author    = {Aman Sinha and Hongseok Namkoong and John Duchi},
  title     = {Certifiable Distributional Robustness with Principled Adversarial Training},
  booktitle = {International Conference on Learning Representations},
  year      = {2018},
  url       = {https://openreview.net/forum?id=Hk6kPgZA-},
}

@InProceedings{papernot2016limitations,
  author       = {Papernot, Nicolas and McDaniel, Patrick and Jha, Somesh and Fredrikson, Matt and Celik, Z Berkay and Swami, Ananthram},
  title        = {The limitations of deep learning in adversarial settings},
  booktitle    = {2016 IEEE European Symposium on Security and Privacy (EuroS\&P)},
  year         = {2016},
  organization = {IEEE},
  pages        = {372--387},
}

@InProceedings{Papernot:2017:PBA:3052973.3053009,
  author    = {Papernot, Nicolas and McDaniel, Patrick and Goodfellow, Ian and Jha, Somesh and Celik, Z. Berkay and Swami, Ananthram},
  title     = {Practical Black-Box Attacks Against Machine Learning},
  booktitle = {Proceedings of the 2017 ACM on Asia Conference on Computer and Communications Security},
  year      = {2017},
  series    = {ASIA CCS '17},
  publisher = {ACM},
  location  = {Abu Dhabi, United Arab Emirates},
  isbn      = {978-1-4503-4944-4},
  pages     = {506--519},
  doi       = {10.1145/3052973.3053009},
  url       = {http://doi.acm.org/10.1145/3052973.3053009},
  acmid     = {3053009},
  address   = {New York, NY, USA},
  keywords  = {adversarial machine learning, black-box attack, machine learning},
  numpages  = {14},
}

@InProceedings{carlini2017towards,
  author       = {Carlini, Nicholas and Wagner, David},
  title        = {Towards evaluating the robustness of neural networks},
  booktitle    = {2017 IEEE Symposium on Security and Privacy (SP)},
  year         = {2017},
  organization = {IEEE},
  pages        = {39--57},
}

@InProceedings{tramer2018ensemble,
  author    = {Florian Tram√®r and Alexey Kurakin and Nicolas Papernot and Ian Goodfellow and Dan Boneh and Patrick McDaniel},
  title     = {Ensemble Adversarial Training: Attacks and Defenses},
  booktitle = {International Conference on Learning Representations},
  year      = {2018},
  url       = {https://openreview.net/forum?id=rkZvSe-RZ},
}

@Comment{jabref-meta: databaseType:biblatex;}
